@ARTICLE{MattB1993,
  AUTHOR =       {Matt Blaze},
  TITLE =        {A cryptographic ﬁle system for UNIX},
  JOURNAL =      {In Proceedings of the 1st ACM Conference on Computer and Communications Security (CCS’93)},
  YEAR =         {1993},
  volume =       {},
  number =       {},
  pages =        {},
  month =        {},
  note =         {},
  abstract =     {},
  keywords =     {},
  source =       {},
}
@ARTICLE{JAlex2008,
  AUTHOR =       {J.A. Halderman and S.D. Schoen},
  TITLE =        {Lest we remember: Cold boot attacks on encryption keys},
  JOURNAL =      {In Proceedings of the 17th USENIX Security Symposium},
  YEAR =         {2008},
  volume =       {},
  number =       {},
  pages =        {},
  month =        {},
  note =         {},
  abstract =     {},
  keywords =     {},
  source =       {},
}
@ARTICLE{Roxana2011,
  AUTHOR =       {Roxana Geambasu},
  TITLE =        {Keypad: An Auditing File System for Theft-Prone Devices},
  JOURNAL =      {EuroSys'11 - Proceedings of the EuroSys 2011 Conference},
  YEAR =         {2011},
  volume =       {},
  number =       {},
  pages =        {},
  month =        {},
  note =         {},
  abstract =     {},
  keywords =     {},
  source =       {},
}
@MISC{contactPro,
author = {Google},
title = {Contacts Provider, Android component manage repository of people},
month = {},
year = {2008},
howpublished = {\url{http://developer.android.com/guide/topics/providers/contacts-provider.html}}
}
@ARTICLE{SELinux2010,
  AUTHOR =       {A. Shabtai and Y. Fledel and Y. Elovici},
  TITLE =        {Securing Android-Powered Mobile Devices Using SELinux},
  JOURNAL =      {IEEE Security&Privacy Magazine},
  YEAR =         {2010},
  volume =       {},
  number =       {},
  pages =        {36-44},
  month =        {},
  note =         {},
  abstract =     {},
  keywords =     {},
  source =       {},
}
@MISC{mobile2012,
author = {International Data Corporation},
title = {Worldwide Quarterly Mobile Phone Tracker},
month = {},
year = {2012},
howpublished = {\url{http://www.idc.com/tracker/showproductinfo.jsp?prod_id=37#.URvB83zCD3w}}
}
@ARTICLE{Cohen1997,
  AUTHOR =       {Fred Cohen},
  TITLE =        {Information System Defences: A Preliminary Classification Scheme},
  JOURNAL =      "Computers & Security",
  YEAR =         {1997},
  volume =       {16},
  number =       {2},
  pages =        {94-114},
  month =        {},
  note =         {},
  abstract =     {},
  keywords =     {},
  source =       {},
}
@ARTICLE{popa2011,
  AUTHOR =       {Raluca Ada Popa, Catherine M. S. Redfield, Nickolai Zeldovich, and Hari Balakrishnan},
  TITLE =        {CryptDB: Protecting Confidentiality with Encrypted Query Processing},
  JOURNAL =      "In Proceedings of the 23rd ACM Symposium on Operating Systems Principles",
  YEAR =         {2011},
  volume =       {},
  number =       {},
  pages =        {},
  month =        {},
  note =         {},
  abstract =     {},
  keywords =     {},
  source =       {},
}
@BOOK{Crypto1996,
  AUTHOR =       {A.J. Menezes and P.C. vanOorschot and S.A. Vanstone},
  editor =       {},
  TITLE =        {Handbook of Applied Cryptography},
  PUBLISHER =    {CRC Press},
  YEAR =         {1996},
  volume =       {},
  number =       {},
  series =       {},
  address =      {},
  edition =      {},
  month =        {},
  note =         {},
  abstract =     {},
  isbn =         {},
  price =        {},
  keywords =     {},
  source =       {},
}
@ARTICLE{Dagon2004,
  AUTHOR =       {D. Dagon, T. Martin and T. Starner},
  TITLE =        {Mobile phones as computing devices: the viruses are coming!},
  JOURNAL =      "Pervasive Computing, IEEE",
  YEAR =         {2004},
  volume =       {},
  number =       {},
  pages =        {},
  month =        {},
  note =         {},
  abstract =     {},
  keywords =     {},
  source =       {},
}
@MISC{sqlite2000,
author = {D. Richard Hipp},
title = {SQLite relational database management system},
month = jun,
year = {2000},
howpublished = {\url{http://www.sqlite.org}}
}
@MISC{encfs,
author = {EncFS},
title = {EncFS encrypted filesystem},
month = {},
year = {2008},
howpublished = {\url{http://www.arg0.net/encfs}}
}
@MISC{SqliteJDBC2000,
author = {Taro L. Saito},
title = {SQLite JDBC driver},
month = {},
year = {2000},
howpublished = {\url{https://bitbucket.org/xerial/sqlite-jdbc}}
}
@MISC{SqliteWrapper2000,
author = {Sqlite},
title = {SQLite Wrappers in Different Languages},
month = {},
year = {},
howpublished = {\url{http://www.sqlite.org/cvstrac/wiki?p=SqliteWrappers}}
}
@MISC{SqlCipher2008,
author = {Zetetic LLC},
title = {SQLCipher - an open source library that provides transparent, secure 256-bit AES encryption of SQLite database files},
month = {},
year = {2008},
howpublished = {\url{http://sqlcipher.net}}
}
